@book{tymoczko2011geometry,
  title={A geometry of music: Harmony and counterpoint in the extended common practice},
  author={Tymoczko, Dmitri},
  year={2011},
  publisher={OUP USA}
}

@article{clough1991maximally,
  title={Maximally even sets},
  author={Clough, John and Douthett, Jack},
  journal={Journal of Music Theory},
  volume={35},
  number={1/2},
  pages={93--173},
  year={1991},
  publisher={JSTOR}
}

@article{callender2008generalized,
  title={Generalized voice-leading spaces},
  author={Callender, Clifton and Quinn, Ian and Tymoczko, Dmitri},
  journal={Science},
  volume={320},
  number={5874},
  pages={346--348},
  year={2008},
  publisher={American Association for the Advancement of Science}
}


@article{hall2008geometrical,
  title={Geometrical Music Theory},
  author={Hall, Rachel Wells},
  journal={Science},
  volume={320},
  number={5874},
  pages={328--329},
  year={2008},
  publisher={American Association for the Advancement of Science}
}

@article{chunglectures,
  title={Lectures on Spectral Graph Theory},
  author={Chung, Fan RK}
}

@book{wilson1985introduction,
  title={Introduction to Graph Theory, 4/e},
  author={Wilson, Robin James},
  year={1985},
  publisher={Pearson Education India}
}

@article{estrada2008communicability,
  title={Communicability in complex networks},
  author={Estrada, Ernesto and Hatano, Naomichi},
  journal={Physical Review E},
  volume={77},
  number={3},
  pages={036111},
  year={2008},
  publisher={APS}
}

@article{estrada2009communicability,
  title={Communicability betweenness in complex networks},
  author={Estrada, Ernesto and Higham, Desmond J and Hatano, Naomichi},
  journal={Physica A: Statistical Mechanics and its Applications},
  volume={388},
  number={5},
  pages={764--774},
  year={2009},
  publisher={Elsevier}
}

@book{cohn2012audacious,
  title={Audacious Euphony: Chromatic Harmony and the Triad's Second Nature},
  author={Cohn, Richard},
  year={2012},
  publisher={Oxford University Press}
}

@article{brandes2001faster,
  title={A faster algorithm for betweenness centrality*},
  author={Brandes, Ulrik},
  journal={Journal of Mathematical Sociology},
  volume={25},
  number={2},
  pages={163--177},
  year={2001},
  publisher={Taylor \& Francis}
}

