@preamble{# "\newcommand{\noopsort}[1]{} "
     # "\newcommand{\printfirst}[2]{#1} "
     # "\newcommand{\singleletter}[1]{#1} "
     # "\newcommand{\switchargs}[2]{#2#1} " }




@INCOLLECTION{glov00,
   author = {Fred Glover},
   title = {Multi-start and strategic oscillation methods---principles to exploit adaptive memory},
   editor = {Manuel Laguna and Jos\'{e} Luis  Gonz\'{a}les-Velarde},
   booktitle = {Computing {T}ools for {M}odeling, {O}ptimization and {S}imulation: {I}nterfaces in {C}omputer {S}cience
   and {O}perations {R}esearch},
   pages = "1--24",
   publisher = {Kluwer Academic},
   address = {Boston, MA},
   edition = {2nd},
   year = 2000,
   note = {},}


@UNPUBLISHED{aiex02,
   author = {Renata M. Aiex and Ian Frederick Pierce and Giacomo Donizetti and Carlo Maria {{v}on~Weber} and Georges Bizet and C. P. E. Bach and Richard Strauss and L. {{v}an~Beethoven} and W. A. Mozart and Paul Dukas and Joseph Hayden and Franz Schubert and F. Chopin},
   title = {Conjectured statistics for the {$q,t$}-Catalan numbers},
   journal = "to appear in Advances in Math.",
   month = {},
   year = "preprint 2002",
   note = "Available at http://www.math.caltech.edu/$_{\huge{\tilde{}}}$rmaiex",
   }

@UNPUBLISHED{GHGsoft,
   author = {T. G. Golda and P. D. Hough and G. Gay and Giacomo Donizetti and Carlo Maria {{v}on~Weber} and Georges Bizet and C. P. E. Bach},
   title = {APPSPACK (Asynchronous parallel pattern search package)},
   journal = "",
   month = {},
   year = "",
   note = "software available at http://software.sandia.gov/appspack",
   }


@BOOK{fwp88,
   author = {F. W. Patel},
   title = {Title of a Book},
   volume = {II},
   series = {Monographs on Technical Aspects},
   publisher = {Dover},
   address = {New York},
   edition = {},
   month = {},
   year = {1988},
   note = {},}


@ARTICLE{ed84,
   author = "D. M. F. Edwards and Ira Roberto McDonald",
   title = "Positive bases in numerical optimization",
   journal = "Comput. Optim. Appl.",
   volume = "21",
   pages = "169--175",
   month = {},
   year = {1984},
   note = {},}


@INBOOK{mtw73,
   author = {},
   title = {Gravitation},
   editor = "Charles W. Misner",
   chapter = {Efficient algorithms for layer assignment problems},
   volume = {5},
   series = {Einstein's Legacy},
   publisher = {Freeman},
   address = {San Francisco, CA},
   edition = {2nd},
   pages = "231--256",
   month = {},
   year = {1973},
   note = {},}


@INPROCEEDINGS{hk96,
   author = "Hudson Kern",
   title = "The resurgent {J}apanese economy and a {J}apan--{U}nited {S}tates free trade agreement",
   booktitle = "4th International Conference on the Restructuring of the Economic and Political System in {J}apan and {E}urope",
   location = "Milan, Italy",
   number = "",
   series = "",
   pages ={147--156},
   month = {21--25 May 1996},
   year = "1997",
   address = "Singapore",
   organization = "",
   publisher = "World Scientific",
   note = {},}



@INBOOKSERIES{mtw73,
   author = "",
   editor = "C. W. Misner",
   title = "",
   booktitle = "Nonlinear Operators and Nonlinear Equations of Evolution in Banach Spaces",
   number = "",
   part = "2",
   volume = "18",
   series = "Proc. Symposia in Pure Math.",
   pages ={231--256},
   month = {},
   year = "1973",
   address = "San Francisco, CA",
   organization = "",
   publisher = "Freeman",
   note = {},



@INBOOKSERIES{fwp88,
   author = "F. W. Patel",
   editor = "",
   title = "",
   booktitle = "Title of a Book",
   number = "",
   part = "",
   volume = "II",
   series = "Monographs on Technical Aspects",
   pages ={},
   month = {},
   year = "1988",
   address = "New York",
   organization = "",
   publisher = "Dover",
   note = {},


@PHDTHESIS{glov86,
   author = {Fred Glover},
   title = "Hilbert modular forms and the Galois representations associated to {H}ilbert--{B}lumenthal abelian varieties",
   institution = {Harvard University},
   type = {Ph.D. diss.},
   address = {NJ},
   month = {},
   year = 1986,
   note = {},}


@ARTICLE{neu83,
   author = "Martin Neumann",
   title = "Parallel GRASP with path-relinking for job shop scheduling",
   journal = {Mol. Phys.},
   year = "1983",
   volume = "50",
   number = "4",
   pages = "841--843",
   month = {January},
   note = {}, }


@TECHREPORT{aiex00,
   author = {Renata M. Aiex and Ian Frederick Pierce and Giacomo Donizetti and Carlo Maria {{v}on~Weber} and Georges Bizet and C. P. E. Bach and Richard Strauss and L. {{v}an~Beethoven} and W. A. Mozart and Paul Dukas},
   title = "Computing tools for modelling orchestral performance",
   institution = "University of Cambridge",
   department = "Department of Applied Mathematics and Theoretical Physics",
   type = "",
   number = "Tech. Rep. DAMTP 2000/NA10",
   address = "Cambridge, UK",
   month = "",
   year = 2000,
   note = "",}

@TRANSLATEDBOOK{fzf88,
   author = {F. French},
   translator = {P. Smith},
   chaptertitle = {English title of a chapter in the translation of a book in a foreign language},
   title = {Title of a Book in a Foreign Language (Quoted in that Language)},
   englishtitle = {English Title},
   volume = {},
   series = {},
   publisher = {Dover},
   address = {New York},
   edition = {},
   month = {},
   year = 1988,
   note = {(original work published 1923)},}
